@online{bezosTE,
    title = {Tipografía española con \TeX{}},
    author = {Bezos, Javier},
    url = {http://www.texnia.com/archive/tipografia.pdf},
}


@online{bezosOM,
    title = {Ortotipografía y notaciones matemáticas},
    author = {Bezos, Javier},
    note = {Versión 0.17},
    date = {2016-09-01},
    url = {http://www.texnia.com/archive/ortomatem.pdf},
}

@online{biblatex,
    title = {The biblatex Package},
    subtitle = {Programmable Bibliographies and Citations},
    author = {Lehman, Philipp and Kime, Philip and Boruvka, Audrey and Wright, Joseph},
    note = {Versión 3.5},
    date = {2016-09-14},
    url = {http://mirrors.ctan.org/macros/latex/contrib/biblatex/doc/biblatex.pdf},
}

@online{siunitx,
    title = {siunitx},
    subtitle = {A comprehensive (SI) units packge},
    author = {Wright, Joseph},
    note = {Versión 2.6s},
    date = {2016-09-02},
    url = {http://mirrors.ctan.org/macros/latex/contrib/siunitx/siunitx.pdf},
}

@online{standalone,
    title = {The standalone Package},
    author = {Scharrer, Martin},
    note = {Versión 1.2},
    date = {2015-07-15},
    url = {http://mirrors.ctan.org/macros/latex/contrib/standalone/standalone.pdf},
}


@incollection{wiki:latex,
   title = {LaTeX},
   booktitle ={Wikibooks{,} The Free Textbook Project},
   year = {2016},
   url = {https://en.wikibooks.org/w/index.php?title=LaTeX&oldid=3126115},
   urldate = {2016-11-30},
}


@online{stackexchange,
    title = {TeX - LaTeX Stack Exchange},
    url = {http://tex.stackexchange.com/},
}


@online{texample,
    title = {\TeX ample.net},
    url = {http://www.texample.net/},
    sortkey = {Texample},
}

@online{algorithmicx,
    title = {The algorithmicx package},
    author = {János, Szász},
    note = {Versión 1.2},
    date = {2005-09-14},
    url = {http://mirrors.ctan.org/macros/latex/contrib/algorithmicx/algorithmicx.pdf},
}

@online{graphics,
    title = {Packages in the `graphics' bundle},
    author = {Carlisle, David P.},
    date = {2016-12-23},
    url = {http://mirrors.ctan.org/macros/latex/required/graphics/grfguide.pdf},
}