@article{foo1999,
  title={Title},
  author={Doe, John},
  journal={International Journal of Nonsense},
  year={1999}
}

@incollection{EUL1,
author = {EULER, L.},
title = {Solutio problematis ad geometriam situs pertinentis},
booktitle = {Commentarii academiae scientiarum Petropolitanae},
OPTvolume = {8},
OPTpages = {128-140},
year = {1741},

}

