@incollection{EUL41,
author = "EULER, L.",
title = {Solutio problematis ad geometriam situs pertinentis},
booktitle = {Commentarii academiae scientiarum Petropolitanae},
year = {1741},
volume = {8},
pages = {128-140},
}

@article{AH77a,
author = "APPEL, K. and HANKEN, W.",
title = {The Solution of the Four-Color Map Problem},
journal = {Scientific American},
year = {1977},
number = {27},
pages = {108-121},
}

@article{AH77b,
author = "APPEL, K. and HANKEN, W.",
title = {Every Planar Graph is Four-Colourable (I)},
journal = {Illinois Journ. Maths.},
year = {1977},
number = {21},
pages = {429-490},
}

@article{AH77c,
author = "APPEL, K. and HANKEN, W.",
title = {Every Planar Graph is Four-Colourable (II)},
journal = {Illinois Journ. Maths.},
year = {1977},
number = {21},
pages = {491-567},
}

@article{CAY89,
author = "CAYLEY, A.",
title = {A theorem on trees},
journal = {Quart. Journ. Maths.},
year = {1889},
number = {23},
pages = {376-378},
}

@article{KEM79,
author = "KEMPE, A. B.",
title = {On the geographical problem of the four colours},
journal = {Amer. Journ. Maths.},
year = {1879},
number = {23},
pages = {193-200},
}

@article{DIJ59,
author = "DIJKSTRA, E. W.",
title = {A note on two problems in connection with graphs},
journal = {Numerische Mathematik},
year = {1959},
number = {1},
pages = {269-271},
}

@article{KRU56,
author = "KRUSKAL, J. B.",
title = {On the shortest spanning subtree of a graph and the traveling salesman problem},
journal = {Proc. Amer. Math. Soc.},
year = {1956},
number = {7},
pages = {48-50},
}

@article{PRI57,
author = "PRIM, R. C.",
title = {Shortest connection networks and some generalizations},
journal = {Bell Syst. Tech. Journ.},
year = {1957},
number = {36},
pages = {1389-1401},
}

@Book{KON36,
author = {K{\"O}NIG, D.},
title = {Theorie der endlichen und unendlichen Graphen},
publisher = {Akademische Verlagsgesellschaft},
year = {1936},
}

@book{HAR69,
author = {HARARY, F.},
title = {Graph Theory},
publisher = {Addison-Wesley},
year = {1969},
}


@article{VAN71,
title={Remarques sur les probl{\`e}mes de situation},
author={Vandermonde, Alexandre-Th{\'e}ophile},
journal={M{\'e}moires de l'Acad{\'e}mie Royale des Sciences},
pages={566--574},
year={1771}
}

@incollection{GIM11,
author = "GIMBERT, J.",
title = {Les matem{\`a}tiques de GOOGLE: l'algorisme PageRank},
booktitle = {Butllet{\'i} de la Societat Catalana de Matem{\`a}tiques},
year = {2011},
volume = {26},
number = {1},
pages = {29-55},
}

@book{BAS94,
author = {BASART, J.},
title = {Grafs: fonaments i algorismes},
publisher = {Universitat Aut{\`o}noma de Barcelona},
year = {1994},
}

@online{WIKI,
title = {Wikipedia},
url = {wikipedia.org},
}

@online{WMW,
author = {WEISSTEIN, ERIC W.},
title = {Wolfram MathWorld},
url = {mathworld.wolfram.com},
}

@online{MOV,
title = {Math Overflow},
url = {mathoverflow.net}
}

@online{MSE,
title = {Math Stack Exchange},
url = {math.stackexchange.com},
}

@online{TEX,
title = {Texample},
url = {texample.net},
}

@online{OCW1,
author = {DEMAINE, E. and DEVADAS, S. and LYNCH, N.},
title = {6.046J Design and Analysis of Algorithms},
year = {Spring 2015},
url = {https://ocw.mit.edu},
organization = {Massachusetts Institute of Technology: MIT OpenCourseWare},
}

@online{OCW2,
author = {DEMAINE, E. and DEVADAS, S.},
title = {6.006 Introduction to Algorithms},
year = {Fall 2011},
url = {https://ocw.mit.edu},
organization = {Massachusetts Institute of Technology: MIT OpenCourseWare},
}

@online{GFG,
title = {Geeks for Geeks},
url = {www.geeksforgeeks.org/fundamentals-of-algorithms},
}

@book{SOR14,
author = "SORIA, F.J.",
title = {Apuntes de grafos},
publisher = {Universitat de Barcelona},
year = {2014},
}

@online{RBG,
title = {Pathfinding},
url = {http://www.redblobgames.com/pathfinding/}	
}

@online{MAT,
title={Gallery of named graphs},
author={MATTHES, A.},
url ={http://altermundus.fr/downloads/documents/NamedGraphs.pdf},
year={2008}
}

@online{MAT2,
title={tkz-berge.sty},
author={MATTHES, A.},
url ={http://www.altermundus.fr/pages/downloads/TKZdoc-berge.pdf},
year={2008}
}



