@incollection{GIM11,
author = "GIMBERT, J.",
title = {Les matem{\`a}tiques de GOOGLE: l'algorisme PageRank},
booktitle = {Butllet{\'i} de la Societat Catalana de Matem{\`a}tiques},
year = {2011},
volume = {26},
number = {1},
pages = {29-55},
}

@book{BAS94,
author = "BASART, J.",
title = {Grafs: fonaments i algorismes},
publisher = {Universitat Aut{\`o}noma de Barcelona},
year = {1994},
key = {84--490--1420--4},
}

@online{WIKI,
title = {Wikipedia},
url = {wikipedia.org},
}

@online{WMW,
author = {WEISSTEIN, ERIC W.},
title = {Wolfram MathWorld},
url = {mathworld.wolfram.com},
}

@online{MOV,
title = {Math Overflow},
url = {mathoverflow.net}
}

@online{MSE,
title = {Math Stack Exchange},
url = {math.stackexchange.com},
}

@online{TEX,
title = {Texample},
url = {texample.net},
}

@online{OCW1,
author = {DEMAINE, E. and DEVADAS, S. and LYNCH, N.},
title = {6.046J Design and Analysis of Algorithms},
year = {Spring 2015},
url = {https://ocw.mit.edu},
organization = {Massachusetts Institute of Technology: MIT OpenCourseWare},
}

@online{OCW2,
author = {DEMAINE, E. and DEVADAS, S.},
title = {6.006 Introduction to Algorithms},
year = {Fall 2011},
url = {https://ocw.mit.edu},
organization = {Massachusetts Institute of Technology: MIT OpenCourseWare},
}

@online{GFG,
title = {Geeks for Geeks},
url = {www.geeksforgeeks.org/fundamentals-of-algorithms},
}

@book{SOR14,
author = "SORIA, F.J.",
title = {Apuntes de grafos},
publisher = {Universitat de Barcelona},
year = {2014},
}

@online{RBG,
title = {Pathfinding},
url = {http://www.redblobgames.com/pathfinding/}	
}

@online{MAT,
title={Gallery of named graphs},
author={MATTHES, A.},
url ={http://altermundus.fr/downloads/documents/NamedGraphs.pdf},
year={2008}
}

@online{MAT2,
title={tkz-berge.sty},
author={MATTHES, A.},
url ={http://www.altermundus.fr/pages/downloads/TKZdoc-berge.pdf},
year={2008}
}



